@article{boas2014spoils,
	title={The spoils of victory: campaign donations and government contracts in Brazil},
	author={Boas, Taylor C and Hidalgo, F Daniel and Richardson, Neal P},
	journal={The Journal of Politics},
	volume={76},
	number={2},
	pages={415--429},
	year={2014},
	publisher={Cambridge University Press New York, USA}
}

@article{claessens2008political,
  title={Political connections and preferential access to finance: The role of campaign contributions},
  author={Claessens, Stijn and Feijen, Erik and Laeven, Luc},
  journal={Journal of financial economics},
  volume={88},
  number={3},
  pages={554--580},
  year={2008},
  publisher={Elsevier}
}

@article{sztutman2013financiamento,
	title={Financiamento das campanhas eleitorais de 2006 por grupos econ{\^o}micos e empr{\'e}stimos do BNDES},
	author={Sztutman, Andr{\'e} Medeiros and Aldrighi, Dante Mendes and others},
	journal={XII Encontro Brasileiro de Finan{\c{c}}as, Rio de Janeiro},
	year={2013}
}