@article{claessens2008political,
  title={Political connections and preferential access to finance: The role of campaign contributions},
  author={Claessens, Stijn and Feijen, Erik and Laeven, Luc},
  journal={Journal of financial economics},
  volume={88},
  number={3},
  pages={554--580},
  year={2008},
  publisher={Elsevier}
}